@article{Zhang2019AMethods,
    title = {{A Comprehensive Survey of Vision-Based Human Action Recognition Methods}},
    year = {2019},
    journal = {Sensors},
    author = {Zhang, Hong-Bo and Zhang, Yi-Xiang and Zhong, Bineng and Lei, Qing and Yang, Lijie and Du, Ji-Xiang and Chen, Duan-Sheng},
    number = {5},
    month = {2},
    volume = {19},
    doi = {10.3390/s19051005},
    issn = {1424-8220}
}

@article{Vagia2015AProposed,
    title = {{A literature review on the levels of automation during the years. What are the different taxonomies that have been proposed?}},
    year = {2015},
    author = {Vagia, Marialena and Transeth, Aksel A and Fjerdingen, Sigurd A},
    url = {http://dx.doi.org/10.1016/j.apergo.2015.09.013},
    doi = {10.1016/j.apergo.2015.09.013},
    keywords = {Adaptive automation, Autonomy/automation, Levels of autonomy, Taxonomies}
}

@article{Luo2010AResults,
    title = {{A new sheet metal forming system based on incremental punching, part 2: Machine building and experiment results}},
    year = {2010},
    journal = {International Journal of Advanced Manufacturing Technology},
    author = {Luo, Yuanxin and He, Kai and Du, Ruxu},
    number = {5-8},
    month = {11},
    pages = {493--506},
    volume = {51},
    publisher = {Springer},
    url = {https://link.springer.com/article/10.1007/s00170-010-2635-1},
    doi = {10.1007/s00170-010-2635-1},
    issn = {02683768},
    keywords = {FEM, Final shape, Incremental punching, Incremental sheet metal forming, Thickness distribution}
}

@article{Luo2010ASimulation,
    title = {{A new sheet metal forming system based on the incremental punching, part 1: Modeling and simulation}},
    year = {2010},
    journal = {International Journal of Advanced Manufacturing Technology},
    author = {Luo, Yuanxin and He, Kai and Du, Ruxu},
    number = {5-8},
    month = {11},
    pages = {481--491},
    volume = {51},
    publisher = {Springer},
    url = {https://link.springer.com/article/10.1007/s00170-010-2634-2},
    doi = {10.1007/s00170-010-2634-2},
    issn = {02683768},
    keywords = {Incremental sheet metal forming, Inverse FEM, Minimum energy principle, Rapid prototyping}
}

@article{Luo2010ASimulationb,
    title = {{A new sheet metal forming system based on the incremental punching, part 1: Modeling and simulation}},
    year = {2010},
    journal = {International Journal of Advanced Manufacturing Technology},
    author = {Luo, Yuanxin and He, Kai and Du, Ruxu},
    number = {5-8},
    month = {11},
    pages = {481--491},
    volume = {51},
    publisher = {Springer},
    url = {https://link.springer.com/article/10.1007/s00170-010-2634-2},
    doi = {10.1007/s00170-010-2634-2},
    issn = {02683768},
    keywords = {Incremental sheet metal forming, Inverse FEM, Minimum energy principle, Rapid prototyping}
}

@article{Wong2003AProcesses,
    title = {{A review of spinning, shear forming and flow forming processes}},
    year = {2003},
    journal = {International Journal of Machine Tools and Manufacture},
    author = {Wong, C. C. and Dean, T. A. and Lin, J.},
    number = {14},
    month = {11},
    pages = {1419--1435},
    volume = {43},
    publisher = {Elsevier Ltd},
    doi = {10.1016/S0890-6955(03)00172-X},
    issn = {08906955},
    keywords = {Flow forming, Incremental forming, Shear forming, Spinning}
}

@misc{Music2010ASpinning,
    title = {{A review of the mechanics of metal spinning}},
    year = {2010},
    booktitle = {Journal of Materials Processing Technology},
    author = {Music, O. and Allwood, J. M. and Kawai, K.},
    number = {1},
    month = {1},
    pages = {3--23},
    volume = {210},
    publisher = {Elsevier},
    doi = {10.1016/j.jmatprotec.2009.08.021},
    issn = {09240136},
    keywords = {Conventional spinning, Mechanics, Metal spinning, Shear spinning}
}

@article{Zheng2018AComponents,
    title = {{A review on forming techniques for manufacturing lightweight complexâ€”shaped aluminium panel components}},
    year = {2018},
    journal = {International Journal of Lightweight Materials and Manufacture},
    author = {Zheng, Kailun and Politis, Denis J. and Wang, Liliang and Lin, Jianguo},
    number = {2},
    month = {6},
    pages = {55--80},
    volume = {1},
    publisher = {Elsevier},
    url = {https://www.sciencedirect.com/science/article/pii/S258884041830012X},
    doi = {10.1016/J.IJLMM.2018.03.006},
    issn = {2588-8404}
}

@article{Allwood2006AJapan,
    title = {{A survey of flexible forming processes in Japan}},
    year = {2006},
    journal = {International Journal of Machine Tools and Manufacture},
    author = {Allwood, J.M. and Utsunomiya, H.},
    number = {15},
    month = {12},
    volume = {46},
    doi = {10.1016/j.ijmachtools.2006.01.034},
    issn = {08906955}
}

@article{Wood2009ACraftsmen,
    title = {{A Tacit Understanding: The Designer's Role in Capturing and Passing on the Skilled Knowledge of Master Craftsmen}},
    year = {2009},
    journal = {International Journal of Design},
    author = {Wood, Nicola and Rust, Chris and Horne, Grace},
    number = {1},
    pages = {65--78},
    volume = {3}
}

@article{Henkenjohann2005AnProcess,
    title = {{An Adaptive Sequential Procedure for Efficient Optimization of the Sheet Metal Spinning Process}},
    year = {2005},
    journal = {Quality and Reliability Engineering International},
    author = {Henkenjohann, Nadine and G{\"{o}}bel, Roland and Kleiner, Matthias and Kunert, Joachim},
    number = {5},
    month = {8},
    volume = {21},
    doi = {10.1002/qre.732},
    issn = {0748-8017}
}

@article{Sedighi2015AnProcess,
    title = {{An analytical method for prediction of the incremental sheet metal punching process}},
    year = {2015},
    journal = {International Journal of Advanced Manufacturing Technology},
    author = {Sedighi, M. and Riahi, M. and Asgari, A.},
    number = {1-4},
    month = {4},
    pages = {231--238},
    volume = {78},
    publisher = {Springer London},
    url = {https://link.springer.com/article/10.1007/s00170-014-6610-0},
    doi = {10.1007/s00170-014-6610-0},
    issn = {14333015},
    keywords = {Incremental forming, Punch performance, Slip line field, Upper bound}
}

@article{Hartmann2019AnFree-forming,
    title = {{An artificial neural network approach for tool path generation in incremental sheet metal free-forming}},
    year = {2019},
    journal = {Journal of Intelligent Manufacturing},
    author = {Hartmann, Christoph and Opritescu, Daniel and Volk, Wolfram},
    number = {2},
    month = {2},
    pages = {757--770},
    volume = {30},
    publisher = {Springer New York LLC},
    url = {https://doi.org/10.1007/s10845-016-1279-x},
    doi = {10.1007/s10845-016-1279-x},
    issn = {15728145},
    keywords = {Computer integrated manufacturing, Flexible manufacturing systems, Learning systems, Neural networks, Sheet metal processing}
}

@inproceedings{Hoffman2009AnHandling,
    title = {{An Automated Scheme for the Driving Process: Copy Manual Manipulations for Robot handling}},
    year = {2009},
    booktitle = {3rd International Conference on Changable, Agile, Reconfigurable an Virtual Production CARV 2009},
    author = {Hoffman, H and Klinker, G and Scherer, D and Yang, Z and Echtler, F},
    address = {Munich}
}

@inproceedings{Hoffman2009AnHandlingb,
    title = {{An Automated Scheme for the Driving Process: Copy Manual Manipulations for Robot handling}},
    year = {2009},
    booktitle = {3rd International Conference on Changeable, Agile, Reconfigurable and Virtual Production CARV },
    author = {Hoffman, H. and Klinker, G. and Scherer, D. and Yang, Z. and Echtler, F.}
}

@article{Ilangovan2016AnForming,
    title = {{An automated solution for fixtureless sheet metal forming}},
    year = {2016},
    journal = {International Journal of Advanced Manufacturing Technology},
    author = {Ilangovan, Balaji and Monfared, Radmehr P. and Jackson, Michael},
    number = {1-4},
    month = {1},
    pages = {315--326},
    volume = {82},
    publisher = {Springer-Verlag London Ltd},
    url = {https://link.springer.com/article/10.1007/s00170-015-7366-x},
    doi = {10.1007/s00170-015-7366-x},
    issn = {14333015},
    keywords = {Automation, Flexible manufacturing, Incremental forming, Rapid prototyping}
}

@article{Ilangovan2016AnFormingb,
    title = {{An automated solution for fixtureless sheet metal forming}},
    year = {2016},
    journal = {The International Journal of Advanced Manufacturing Technology},
    author = {Ilangovan, Balaji and Monfared, Radmehr P. and Jackson, Michael},
    number = {1-4},
    month = {1},
    pages = {315--326},
    volume = {82},
    publisher = {Springer-Verlag London Ltd},
    url = {http://link.springer.com/10.1007/s00170-015-7366-x},
    doi = {10.1007/s00170-015-7366-x},
    issn = {0268-3768},
    keywords = {Automation, Flexible manufacturing, Incremental forming, Rapid prototyping}
}

@article{Jawale2019AnSpinning,
    title = {{An investigation of mandrel-free spinning}},
    year = {2019},
    journal = {Procedia Manufacturing},
    author = {Jawale, Kishore and Loukaides, Evripides G.},
    month = {1},
    pages = {145--152},
    volume = {29},
    publisher = {Elsevier BV},
    doi = {10.1016/j.promfg.2019.02.119},
    issn = {23519789}
}

@book{Fuller1904ArtForms,
    title = {{Art of coppersmithing : a practical treatise on working sheet copper into all forms}},
    year = {1904},
    author = {Fuller, John},
    publisher = {David Williams,},
    address = {New York :},
    doi = {10.5962/bhl.title.67219}
}

@inproceedings{Opritescu2012AutomatedStrategy,
    title = {{Automated driving by standardizing and scaling the manufacturing strategy}},
    year = {2012},
    booktitle = {Procedia CIRP},
    author = {Opritescu, D. and Sachnik, P. and Yang, Z. and Golle, R. and Volk, W. and Hoffmann, H. and Schmiedl, F. and Ritter, M. and Gritzmann, P.},
    number = {1},
    month = {1},
    pages = {138--143},
    volume = {3},
    publisher = {Elsevier B.V.},
    doi = {10.1016/j.procir.2012.07.025},
    issn = {22128271},
    keywords = {Automation, Driving, Incremental Forming, Manufacturing Strategy, Standardization, Transformation}
}

@article{Opritescu2015AutomatedApproach,
    title = {{Automated driving for individualized sheet metal part production - A neural network approach}},
    year = {2015},
    journal = {Robotics and Computer-Integrated Manufacturing},
    author = {Opritescu, Daniel and Volk, Wolfram},
    month = {10},
    pages = {144--150},
    volume = {35},
    publisher = {Elsevier Ltd},
    url = {http://dx.doi.org/10.1016/j.rcim.2015.03.006},
    doi = {10.1016/j.rcim.2015.03.006},
    issn = {07365845},
    keywords = {Flexible manufacturing system, Incremental sheet forming, Neural network, Tool path}
}

@article{Opritescu2015AutomatedApproachb,
    title = {{Automated driving for individualized sheet metal part production - A neural network approach}},
    year = {2015},
    journal = {Robotics and Computer-Integrated Manufacturing},
    author = {Opritescu, Daniel and Volk, Wolfram},
    month = {10},
    pages = {144--150},
    volume = {35},
    publisher = {Elsevier Ltd},
    doi = {10.1016/j.rcim.2015.03.006},
    issn = {07365845},
    keywords = {Flexible manufacturing system, Incremental sheet forming, Neural network, Tool path}
}

@book{Groover2015AutomationEdition,
    title = {{Automation, Production Systems, and Computer-Integrated Manufacturing, Global Edition}},
    year = {2015},
    author = {Groover, Mikell},
    publisher = {Pearson Education India}
}

@article{Yang2009AutomatisierungProgramming,
    title = {{Automatisierung des Treibens mittels Diskreter Dynamischer Programmierung Automation of the Driving Using the Dynamic Programming}},
    year = {2009},
    journal = {Automatisierungstechnik},
    author = {Yang, Zongru and B{\"{u}}rger, Sebastian and Lohmann, Boris},
    number = {8},
    volume = {57},
    url = {https://www.degruyter.com/view/journals/auto/57/8/article-p377.xml},
    doi = {10.1524/auto.2009.0788},
    keywords = {Diskrete Dynamische Programmierung Keywords Driving, Modellpr{\"{a}}diktive Regelung, Schlagw{\"{o}}rter Treiben, Strecken, Umformung, discrete dynamic programming, metal forming, modell predictive control, stretching}
}

@article{Yang2009AutomatisierungProgrammingb,
    title = {{Automatisierung des Treibens mittels Diskreter Dynamischer ProgrammierungAutomation of the Driving Using the Dynamic Programming}},
    year = {2009},
    journal = {at - Automatisierungstechnik},
    author = {Yang, Zongru and B{\"{u}}rger, Sebastian and Lohmann, Boris},
    number = {8},
    month = {1},
    volume = {57},
    doi = {10.1524/auto.2009.0788},
    issn = {0178-2312}
}

@article{Goodwin2020BehindBeaters,
    title = {{Behind the scenes with the Ferrari-fixing panel beaters}},
    year = {2020},
    journal = {Autocar},
    author = {Goodwin, Colin},
    url = {https://www.autocar.co.uk/car-news/features/behind-scenes-ferrari-fixing-panel-beaters}
}

@incollection{Ingold2001BeyondSkill,
    title = {{Beyond art and technology: the anthropology of skill}},
    year = {2001},
    booktitle = {Anthropological perspectives on technology},
    author = {Ingold, Timothy},
    pages = {17--31},
    publisher = {University of New Mexico Press}
}

@misc{Amos2015Bloodhoundfeathers,
    title = {{Bloodhound supersonic car gets its 'feathers'}},
    year = {2015},
    booktitle = {BBC News - Science and Environment},
    author = {Amos, Jonathon},
    url = {https://www.bbc.co.uk/news/science-environment-33084088}
}

@article{Lee2012CaseTechnique,
    title = {{Case Study of Mass Customization of Double-Curved Metal Fa{\c{c}}ade Panels Using a New Hybrid Sheet Metal Processing Technique}},
    year = {2012},
    journal = {Journal of Construction Engineering and Management},
    author = {Lee, Ghang and Kim, Seonwoo},
    number = {11},
    month = {11},
    volume = {138},
    doi = {10.1061/(ASCE)CO.1943-7862.0000551},
    issn = {0733-9364}
}

@article{Hamouche2018ClassificationLearning,
    title = {{Classification and selection of sheet forming processes with machine learning}},
    year = {2018},
    journal = {International Journal of Computer Integrated Manufacturing},
    author = {Hamouche, Elia and Loukaides, Evripides G.},
    number = {9},
    month = {9},
    pages = {921--932},
    volume = {31},
    publisher = {Taylor and Francis Ltd.},
    url = {https://www.tandfonline.com/doi/full/10.1080/0951192X.2018.1429668},
    doi = {10.1080/0951192X.2018.1429668},
    issn = {0951-192X},
    keywords = {Process selection, convolutional neural networks, machine learning, sheet metal forming}
}

@article{Allwood2016Closed-loopForming,
    title = {{Closed-loop control of product properties in metal forming}},
    year = {2016},
    journal = {CIRP Annals - Manufacturing Technology},
    author = {Allwood, J. M. and Duncan, S. R. and Cao, J. and Groche, P. and Hirt, G. and Kinsey, B. and Kuboki, T. and Liewald, M. and Sterzing, A. and Tekkaya, A. E.},
    number = {2},
    pages = {573--596},
    volume = {65},
    publisher = {Elsevier USA},
    url = {http://creativecommons.org/licenses/by/4.0/},
    doi = {10.1016/j.cirp.2016.06.002},
    issn = {17260604},
    keywords = {Control, Metal forming, Product properties}
}

@article{Allwood2016Closed-loopFormingb,
    title = {{Closed-loop control of product properties in metal forming}},
    year = {2016},
    journal = {CIRP Annals - Manufacturing Technology},
    author = {Allwood, J. M. and Duncan, S. R. and Cao, J. and Groche, P. and Hirt, G. and Kinsey, B. and Kuboki, T. and Liewald, M. and Sterzing, A. and Tekkaya, A. E.},
    number = {2},
    month = {1},
    pages = {573--596},
    volume = {65},
    publisher = {Elsevier USA},
    doi = {10.1016/j.cirp.2016.06.002},
    issn = {17260604},
    keywords = {Control, Metal forming, Product properties}
}

@article{Polyblank2014Closed-loopProspectus,
    title = {{Closed-loop control of product properties in metal forming: A review and prospectus}},
    year = {2014},
    journal = {Journal of Materials Processing Technology},
    author = {Polyblank, James A. and Allwood, Julian M. and Duncan, Stephen R.},
    number = {11},
    month = {11},
    pages = {2333--2348},
    volume = {214},
    publisher = {Elsevier Ltd},
    doi = {10.1016/j.jmatprotec.2014.04.014},
    issn = {09240136},
    keywords = {Closed-loop control, Feedback, Flexible forming, Metal forming, Process control, Sensor}
}

@article{Mourtzis2012DecentralizedOutlook,
    title = {{Decentralized manufacturing systems review: challenges and outlook}},
    year = {2012},
    journal = {Logistics Research},
    author = {Mourtzis, Dimitris and Doukas, Michalis},
    number = {3-4},
    month = {11},
    volume = {5},
    doi = {10.1007/s12159-012-0085-x},
    issn = {1865-035X}
}

@article{Asgari2017DesignDamper,
    title = {{Design and development of an incremental sheet metal hammering system using mass damper}},
    year = {2017},
    journal = {Proceedings of the Institution of Mechanical Engineers, Part B: Journal of Engineering Manufacture},
    author = {Asgari, A and Sedighi, M and Riahi, M},
    number = {9},
    month = {7},
    pages = {1611--1618},
    volume = {231},
    publisher = {SAGE Publications Ltd},
    url = {http://journals.sagepub.com/doi/10.1177/0954405415599929},
    doi = {10.1177/0954405415599929},
    issn = {0954-4054},
    keywords = {Incremental forming, incremental hammering, mass damper, surface quality}
}

@article{Mori1996DeterminationAlgorithm,
    title = {{Determination of hammering sequence in incremental sheet metal forming using a genetic algorithm}},
    year = {1996},
    journal = {Journal of Materials Processing Technology},
    author = {Mori, K. and Yamamoto, M. and Osakada, K.},
    number = {1-4},
    month = {6},
    pages = {463--468},
    volume = {60},
    publisher = {Elsevier BV},
    doi = {10.1016/0924-0136(96)02371-0},
    issn = {09240136},
    keywords = {Combinatorial optimisation, Genetic algorithm, Hammering sequences, Incremental forming, Sheet metal}
}

@article{Tanaka2014DevelopmentHammering,
    title = {{Development of a CAM System with Linear Servo Motor for Automation of Metal Hammering}},
    year = {2014},
    journal = {Key Engineering Materials},
    author = {Tanaka, Hidetake and Hoshino, Kaoru and Asakawa, Naoki},
    month = {8},
    volume = {625},
    doi = {10.4028/www.scientific.net/KEM.625.360},
    issn = {1662-9795}
}

@article{Takasugi2012DevelopmentShape,
    title = {{Development of a Forging Type Rapid Prototyping System (Relationship Between Hammering Direction and Product Shape)}},
    year = {2012},
    journal = {International Journal of Automation Technology},
    author = {Takasugi, Keigo and Tanaka, Hidetake and Jono, Mami and Asakawa, Naoki},
    number = {1},
    month = {1},
    volume = {6},
    doi = {10.20965/ijat.2012.p0038},
    issn = {1883-8022}
}

@article{Tanaka2005DevelopmentWorking,
    title = {{Development of a Forging Type Rapid Prototyping System; Automation of a Free Forging and Metal Hammering Working}},
    year = {2005},
    journal = {Journal of Robotics and Mechatronics},
    author = {Tanaka, Hidetake and Asakawa, Naoki and Hirao, Masatoshi},
    number = {5},
    month = {10},
    volume = {17},
    doi = {10.20965/jrm.2005.p0523},
    issn = {1883-8049}
}

@article{Asakawa2010DevelopmentProcess,
    title = {{Development of a Forging-Type Rapid Prototyping System (Tool Path Generation Considering Deformation Process)}},
    year = {2010},
    journal = {International Journal of Automation Technology},
    author = {Asakawa, Naoki and Tanaka, Hidetake},
    number = {6},
    month = {11},
    volume = {4},
    doi = {10.20965/ijat.2010.p0530},
    issn = {1883-8022}
}

@article{Tanaka2012Development,
    title = {{Development of CAM System Using Linear Servo Motor to Automate Metal Hammering â€“ A Study on Forging-Type Rapid Prototyping System â€“}},
    year = {2012},
    journal = {International Journal of Automation Technology},
    author = {Tanaka, Hidetake and Naka, Soichiro and Asakawa, Naoki},
    number = {5},
    month = {9},
    volume = {6},
    doi = {10.20965/ijat.2012.p0604},
    issn = {1883-8022}
}

@inproceedings{Golle2007DrivingProducts,
    title = {{Driving as a Flexible Manufacturing Method for Mass Customization of Individualized Sheet Metal Products}},
    year = {2007},
    booktitle = {POMS 18th Annual Conference},
    author = {Golle, M. and Hoffmann, H. and Lohmann, B. and Lueth, T. and Scherer, D. and Weber, S.}
}

@article{Scherer2010DrivingProducts,
    title = {{Driving â€“ a flexible manufacturing method for individualized sheet metal products}},
    year = {2010},
    journal = {International Journal of Material Forming},
    author = {Scherer, D and Yang, Z and Hoffmann, H},
    number = {1},
    volume = {3},
    doi = {10.1007/s12289-010-0927-5},
    keywords = {CoDrive, Driving, Incremental forming, sheet metal}
}

@misc{Unknown2020ECKOLDBrochure,
    title = {{ECKOLD Company brochure}},
    year = {2020},
    author = {{Unknown}},
    url = {https://eckold.com/en-us/eckold/downloads/}
}

@misc{Vazquez2017EfficientSurfaces,
    title = {{Efficient Fabrication of Double Curved Surfaces}},
    year = {2017},
    author = {Vazquez, Elena and Coleman, James},
    url = {https://www.azahner.com/blog/efficient-fabrication-of-double-curves-in-architecture}
}

@book{Pressley2001ElementaryGeometry,
    title = {{Elementary Differential Geometry}},
    year = {2001},
    author = {Pressley, Andrew},
    publisher = {Springer London},
    address = {London},
    isbn = {978-1-85233-152-8},
    doi = {10.1007/978-1-4471-3696-5}
}

@article{Hall1961EngineeringRevolution,
    title = {{Engineering and the Scientific Revolution}},
    year = {1961},
    journal = {Technology and Culture},
    author = {Hall, A. Rupert},
    number = {4},
    pages = {333--341},
    volume = {2},
    doi = {10.2307/3100888},
    issn = {0040165X}
}

@book{Pahl2007EngineeringApproach,
    title = {{Engineering Design: A Systematic Approach}},
    year = {2007},
    author = {Pahl, Gerhard and Beitz, Wolfgang and Feldhusen, JÃ¶rg and Grote, Karl-Heinrich},
    publisher = {Springer London},
    address = {London},
    isbn = {978-1-84628-318-5},
    doi = {10.1007/978-1-84628-319-2}
}

@book{Wickens2015EngineeringPerformance,
    title = {{Engineering Psychology and Human Performance}},
    year = {2015},
    author = {Wickens, Christopher D. and Hollands, Justin G. and Banbury, Simon and Parasuraman, Raja},
    month = {8},
    publisher = {Psychology Press},
    isbn = {9781315665177},
    doi = {10.4324/9781315665177}
}

@article{Wang2020FeasibilityPath,
    title = {{Feasibility of non-lubricated incremental sheet punching with sinusoidal tool path}},
    year = {2020},
    journal = {Journal of the Brazilian Society of Mechanical Sciences and Engineering},
    author = {Wang, Jin and Wang, Xintai and Li, Lihua and Zhang, Xing and Gu, Ning},
    number = {5},
    month = {5},
    pages = {234},
    volume = {42},
    publisher = {Springer},
    url = {https://doi.org/10.1007/s40430-020-02334-1},
    doi = {10.1007/s40430-020-02334-1},
    issn = {18063691},
    keywords = {Formability, Incremental sheet forming, Incremental sheet punching, Lubrication, Surface roughness}
}

@article{Yang2018FlexibilityForming,
    title = {{Flexibility in metal forming}},
    year = {2018},
    journal = {CIRP Annals},
    author = {Yang, D.Y. and Bambach, M. and Cao, J. and Duflou, J.R. and Groche, P. and Kuboki, T. and Sterzing, A. and Tekkaya, A.E. and Lee, C.W.},
    number = {2},
    volume = {67},
    doi = {10.1016/j.cirp.2018.05.004},
    issn = {00078506}
}

@article{Allwood2019Folding-shearing:Change,
    title = {{Folding-shearing: Shrinking and stretching sheet metal with no thickness change}},
    year = {2019},
    journal = {CIRP Annals},
    author = {Allwood, Julian M. and Cleaver, Christopher J. and Loukaides, Evripides G. and Music, Omer and Nagy-Sochacki, Adam},
    number = {1},
    month = {1},
    pages = {285--288},
    volume = {68},
    publisher = {Elsevier USA},
    url = {https://doi.org/10.1016/j.cirp.2019.04.045},
    doi = {10.1016/j.cirp.2019.04.045},
    issn = {17260604},
    keywords = {Bending, Shearing, Sheet metal}
}

@article{Tanaka2008Forming-,
    title = {{Forming Type Rapid Prototyping Development - Error Compensation with Shape Measurement -}},
    year = {2008},
    journal = {International Journal of Automation Technology},
    author = {Tanaka, Hidetake and Asakawa, Naoki and Hirao, Masatoshi},
    number = {6},
    month = {11},
    volume = {2},
    doi = {10.20965/ijat.2008.p0462},
    issn = {1883-8022}
}

@article{Roth1981FoundationDesign,
    title = {{Foundation of methodical procedures in design}},
    year = {1981},
    journal = {Design Studies},
    author = {Roth, K.H.},
    number = {2},
    month = {4},
    volume = {2},
    doi = {10.1016/0142-694X(81)90007-7},
    issn = {0142694X}
}

@techreport{Sharon2014FraunhoferReport,
    title = {{Fraunhofer Center for Manufacturing Innovation Annual Report}},
    year = {2014},
    author = {Sharon, Andre},
    institution = {Fraunhofer}
}

@incollection{Popkova2019FundamentalRevolutions,
    title = {{Fundamental Differences of Transition to Industry 4.0 from Previous Industrial Revolutions}},
    year = {2019},
    booktitle = {Industry 4.0: Industrial Revolution of the 21st Century},
    author = {Popkova, Elena G. and Ragulina, Yulia V. and Bogoviz, Aleksei V.},
    chapter = {1},
    publisher = {Springer International Publishing},
    doi = {10.1007/978-3-319-94310-7{\_}3}
}

@inproceedings{Yang2011GeometricalProcess,
    title = {{Geometrical modeling of the sheet metal parts in the incremental shrinking process}},
    year = {2011},
    booktitle = {Key Engineering Materials},
    author = {Yang, Zongru and Scherer, Daniel and Golle, Matthias and Hoffmann, Hartmut},
    pages = {509--515},
    volume = {473},
    publisher = {Trans Tech Publications Ltd},
    url = {https://www.scientific.net/KEM.473.509},
    isbn = {9783037850831},
    doi = {10.4028/www.scientific.net/KEM.473.509},
    issn = {16629795},
    keywords = {Driving, Geometrical modeling, Incremental, Kraftformer, Sheet metal forming, Shrinking}
}

@article{Finn2016GuidedOptimization,
    title = {{Guided Cost Learning: Deep Inverse Optimal Control via Policy Optimization}},
    year = {2016},
    journal = {33rd International Conference on Machine Learning, ICML 2016},
    author = {Finn, Chelsea and Levine, Sergey and Abbeel, Pieter},
    month = {3},
    pages = {95--107},
    volume = {1},
    publisher = {International Machine Learning Society (IMLS)},
    url = {http://arxiv.org/abs/1603.00448},
    arxivId = {1603.00448}
}

@book{Lange1986HandbookForming,
    title = {{Handbook of Metal Forming}},
    year = {1986},
    booktitle = {Journal of Applied Metalworking},
    author = {Lange, Kurt},
    number = {2},
    month = {1},
    pages = {188--188},
    volume = {4},
    publisher = {Springer Science and Business Media LLC},
    url = {https://link.springer.com/article/10.1007/BF02834383},
    doi = {10.1007/bf02834383},
    issn = {0162-9700},
    keywords = {Characterization and Evaluation of Materials}
}

@article{Manorathna2017HumanAutomation,
    title = {{Human behaviour capturing in manual tungsten inert gas welding for intelligent automation}},
    year = {2017},
    journal = {Proceedings of the Institution of Mechanical Engineers, Part B: Journal of Engineering Manufacture},
    author = {Manorathna, Prasad and Marimuthu, Sundar and Justham, Laura and Jackson, Michael},
    number = {9},
    month = {7},
    volume = {231},
    doi = {10.1177/0954405415604313},
    issn = {0954-4054}
}

@article{Horton2019ImplementingComponents,
    title = {{Implementing material efficiency in practice: A case study to improve the material utilisation of automotive sheet metal components}},
    year = {2019},
    journal = {Resources, Conservation and Recycling},
    author = {Horton, Philippa Maia and Allwood, Julian M. and Cleaver, Christopher},
    month = {6},
    pages = {49--66},
    volume = {145},
    publisher = {Elsevier B.V.},
    doi = {10.1016/j.resconrec.2019.02.012},
    issn = {18790658},
    keywords = {Blanking, Design-for-manufacture, Forming, Material efficiency, Material utilisation, Stamping}
}

@article{Mori1998IncrementalDatabase,
    title = {{Incremental hammering forming of sheet metal automated using CCD camera and database}},
    year = {1998},
    journal = {Transactions of NAMRI/SME},
    author = {Mori, Ken-Ichiro and Otsu, Japan Masaaki and Fujiwara, Naoyuki and Osakada, Kozo},
    pages = {49--54},
    volume = {XXVI}
}

@incollection{Puzik2008IncrementalApplication,
    title = {{Incremental Sheet Forming with a Robot System for an Industrial Application}},
    year = {2008},
    booktitle = {Manufacturing Systems and Technologies for the New Frontier},
    author = {Puzik, Arnold},
    month = {5},
    pages = {421--424},
    publisher = {Springer London},
    url = {https://link.springer.com/chapter/10.1007/978-1-84800-267-8_86},
    doi = {10.1007/978-1-84800-267-8{\_}86}
}

@article{Schafer2005IncrementalRobots,
    title = {{Incremental sheet metal forming by industrial robots}},
    year = {2005},
    journal = {Rapid Prototyping Journal},
    author = {Schafer, Timo and Schraft, Rolf Dieter},
    number = {5},
    pages = {278--286},
    volume = {11},
    publisher = {Emerald Group Publishing Limited},
    doi = {10.1108/13552540510623585},
    issn = {13552546},
    keywords = {Robotics, Sheet metal}
}

@article{Wang2017IncrementalPath,
    title = {{Incremental sheet punching on the base of sinusoidal tool path}},
    year = {2017},
    journal = {International Journal of Advanced Manufacturing Technology},
    author = {Wang, Jin and Li, Lihua and Jiang, Husen and Zhang, Zhigang and Zhang, Shuqin},
    number = {9-12},
    month = {4},
    pages = {3527--3534},
    volume = {89},
    publisher = {Springer London},
    url = {https://link.springer.com/article/10.1007/s00170-016-9336-3},
    doi = {10.1007/s00170-016-9336-3},
    issn = {14333015},
    keywords = {Formability, Incremental sheet punching, Sinusoidal tool path, Surface roughness}
}

@incollection{Umachandran2019IndustryRevolution,
    title = {{Industry 4.0: The New Industrial Revolution}},
    year = {2019},
    booktitle = {Big Data Analytics for Smart and Connected Cities},
    author = {Umachandran, Krishnan and Jur{\v{c}}i{\'{c}}, Igor and Della Corte, Valentina and Ferdinand-James, Debra Sharon},
    chapter = {6},
    publisher = {IGI Global},
    doi = {10.4018/978-1-5225-6207-8.ch006}
}

@phdthesis{Yang2015InkrementellesBauteile,
    title = {{Inkrementelles Stauchen von Feinblechen zur automatisierten Fertigung dreidimensionaler Bauteile}},
    year = {2015},
    author = {Yang, Zongru},
    school = {Technischen Universit{\"{a}}t M{\"{u}}nchen}
}

@article{Zhong2017IntelligentReview,
    title = {{Intelligent Manufacturing in the Context of Industry 4.0: A Review}},
    year = {2017},
    journal = {Engineering},
    author = {Zhong, Ray Y. and Xu, Xun and Klotz, Eberhard and Newman, Stephen T.},
    number = {5},
    month = {10},
    pages = {616--630},
    volume = {3},
    publisher = {Elsevier Ltd},
    doi = {10.1016/J.ENG.2017.05.015},
    issn = {20958099},
    keywords = {Cloud manufacturing, Cyber-physical system, Industry 4.0, Intelligent manufacturing, Internet of Things, Manufacturing systems}
}

@article{Yoon2001InvestigationMetal,
    title = {{Investigation into a new incremental forming process using an adjustable punch set for the manufacture of a doubly curved sheet metal}},
    year = {2001},
    journal = {Proceedings of the Institution of Mechanical Engineers, Part B: Journal of Engineering Manufacture},
    author = {Yoon, S J and Yang, D Y},
    pages = {991--1004},
    volume = {215}
}

@article{Wang2010InvestigationSpinning,
    title = {{Investigation of material deformation in multi-pass conventional metal spinning}},
    year = {2010},
    author = {Wang, Lin and Long, Hui},
    doi = {10.1016/j.matdes.2010.12.021},
    keywords = {Element analysis, Finite, Material plastic deformation, Multi-pass conventional spinning}
}

@inproceedings{Hartmann2019Knowledge-basedPartitioning,
    title = {{Knowledge-based incremental sheet metal free-forming using probabilistic density functions and voronoi partitioning}},
    year = {2019},
    booktitle = {Procedia Manufacturing},
    author = {Hartmann, Christoph and Volk, Wolfram},
    month = {1},
    pages = {4--11},
    volume = {29},
    publisher = {Elsevier B.V.},
    doi = {10.1016/j.promfg.2019.02.097},
    issn = {23519789},
    keywords = {Density function, Flexible manufacturing system, Free-forming, Incremental sheet metal forming, Voronoi diagram}
}

@book{Longyard2014LearningWheel,
    title = {{Learning the English Wheel}},
    year = {2014},
    author = {Longyard, William},
    publisher = {Wolfgang Publications}
}

@article{Endsley1999LevelTask,
    title = {{Level of automation effects on performance, situation awareness and workload in a dynamic control task}},
    year = {1999},
    journal = {Ergonomics},
    author = {Endsley, Mica R. and Kaber, David B.},
    number = {3},
    month = {3},
    pages = {462--492},
    volume = {42},
    publisher = {Taylor {\&} Francis Ltd},
    url = {https://pubmed.ncbi.nlm.nih.gov/10048306/},
    doi = {10.1080/001401399185595},
    issn = {00140139},
    pmid = {10048306},
    keywords = {Human-centred automation, Level of automation (LOA), Out-of-the-loop performance, Situation awareness (SA), Workload}
}

@article{Frohm2008LevelsManufacturing,
    title = {{Levels of Automation in Manufacturing}},
    year = {2008},
    journal = {Ergonomia - International Journal of Ergonomics and Human Factors},
    author = {Frohm, JÃ¶rgen and Lindstr{\"{o}}m, Veronica and Winroth, Mats and Stahre, Johan},
    month = {1},
    pages = {181--207},
    volume = {30}
}

@book{Thompson2007ManufacturingProfessionals,
    title = {{Manufacturing processes for design professionals}},
    year = {2007},
    author = {Thompson, Rob},
    publisher = {Thames {\&} Hudson}
}

@incollection{Hill2014ManufacturingProcesses,
    title = {{Manufacturing Techniques, Methods and Processes}},
    year = {2014},
    booktitle = {Silversmithing: A Contemporary Guide to Making},
    author = {Hill, B. and Putland, A.},
    publisher = {Crowood Press}
}

@article{Tekkaya2015MetalProperties,
    title = {{Metal forming beyond shaping: Predicting and setting product properties}},
    year = {2015},
    journal = {CIRP Annals - Manufacturing Technology},
    author = {Tekkaya, A. E. and Allwood, J. M. and Bariani, P. F. and Bruschi, S. and Cao, J. and Gramlich, S. and Groche, P. and Hirt, G. and Ishikawa, T. and L{\"{o}}bbe, C. and Lueg-Althoff, J. and Merklein, M. and Misiolek, W. Z. and Pietrzyk, M. and Shivpuri, R. and Yanagimoto, J.},
    number = {2},
    month = {1},
    pages = {629--653},
    volume = {64},
    publisher = {Elsevier USA},
    doi = {10.1016/j.cirp.2015.05.001},
    issn = {17260604},
    keywords = {Metal forming, Product, Properties}
}

@book{Tuells1912MetalUsed,
    title = {{Metal Spinning, Principles of the art and tools and methods used}},
    year = {1912},
    author = {Tuells, C},
    publisher = {Machinery, New York}
}

@phdthesis{Scherer2013MethodenBlechumformung,
    title = {{Methoden zur Automatisierung der inkrementellen Blechumformung}},
    year = {2013},
    author = {Scherer, Daniel},
    school = {Technischen Universit{\"{a}}t M{\"{u}}nchen }
}

@inproceedings{Rossi2018ModellingWheel,
    title = {{Modelling a Complex Fabrication System: New design tools for doubly curved metal surfaces fabricated using the English Wheel}},
    year = {2018},
    booktitle = {eCAADe 2018 36th Annual Conference },
    author = {Rossi, Gabriella and Nicholas, Paul},
    pages = {811--820}
}

@article{Polyblank2015ParametricSpinning,
    title = {{Parametric toolpath design in metal spinning}},
    year = {2015},
    journal = {CIRP Annals - Manufacturing Technology},
    author = {Polyblank, James A. and Allwood, Julian M.},
    number = {1},
    month = {1},
    pages = {301--304},
    volume = {64},
    publisher = {Elsevier USA},
    doi = {10.1016/j.cirp.2015.04.077},
    issn = {17260604},
    keywords = {Computer numerical control, Sheet metal, Spinning}
}

@book{Barr2013ProfessionalFabrication,
    title = {{Professional Sheet Metal Fabrication}},
    year = {2013},
    author = {Barr, Ed},
    publisher = {Motorbooks}
}

@article{Russo2020RaisingSpinning,
    title = {{Raising by spinning}},
    year = {2020},
    journal = {CIRP Annals},
    author = {Russo, Iacopo M. and Cleaver, Christopher J. and Loukaides, Evripides G. and Allwood, Julian M.},
    number = {1},
    month = {1},
    pages = {277--280},
    volume = {69},
    publisher = {Elsevier USA},
    url = {http://creativecommons.org/licenses/by/4.0/},
    doi = {10.1016/j.cirp.2020.04.073},
    issn = {17260604},
    keywords = {Forming, Sheet Metal, Spinning}
}

@inproceedings{Rossi2018Re/LearningSurfaces,
    title = {{Re/Learning the Wheel: Methods to Utilize Neural Networks as Design Tools for Doubly Curved Metal Surfaces}},
    year = {2018},
    booktitle = {ACADIA // 2018: Recalibration. On imprecisionand infidelity},
    author = {Rossi, Gabriella and Nicholas, Paul}
}

@article{Ravichandar2020RecentDemonstration,
    title = {{Recent Advances in Robot Learning from Demonstration}},
    year = {2020},
    journal = {Annual Review of Control, Robotics, and Autonomous Systems},
    author = {Ravichandar, Harish and Polydoros, Athanasios S. and Chernova, Sonia and Billard, Aude},
    number = {1},
    month = {5},
    pages = {297--330},
    volume = {3},
    publisher = {Annual Reviews},
    url = {https://www.annualreviews.org/doi/10.1146/annurev-control-100819-063206},
    doi = {10.1146/annurev-control-100819-063206},
    issn = {2573-5144},
    keywords = {imitation learning, learning from demonstration, programming by demonstration, robot learning}
}

@article{Gohil2021ReviewProcess,
    title = {{Review of the effect of process parameters on performance measures in the incremental sheet forming process}},
    year = {2021},
    journal = {Proceedings of the Institution of Mechanical Engineers, Part B: Journal of Engineering Manufacture},
    author = {Gohil, Ashish and Modi, Bharat},
    number = {3},
    month = {2},
    volume = {235},
    doi = {10.1177/0954405420961215},
    issn = {0954-4054}
}

@article{Gatea2016ReviewForming,
    title = {{Review on the influence of process parameters in incremental sheet forming}},
    year = {2016},
    journal = {The International Journal of Advanced Manufacturing Technology},
    author = {Gatea, Shakir and Ou, Hengan and McCartney, Graham},
    number = {1-4},
    month = {10},
    volume = {87},
    doi = {10.1007/s00170-016-8426-6},
    issn = {0268-3768}
}

@article{Zhu2018RobotSurvey,
    title = {{Robot Learning from Demonstration in Robotic Assembly: A Survey}},
    year = {2018},
    journal = {Robotics},
    author = {Zhu, Zuyuan and Hu, Huosheng},
    number = {2},
    month = {4},
    pages = {17},
    volume = {7},
    publisher = {MDPI AG},
    url = {http://www.mdpi.com/2218-6581/7/2/17},
    doi = {10.3390/robotics7020017},
    issn = {2218-6581},
    keywords = {Imitation learning, Learning from demonstration, Machine learning, Robotic assembly}
}

@incollection{Vazquez2017RoboticWheeling,
    title = {{Robotic Wheeling}},
    year = {2017},
    booktitle = {Design Portfolio},
    author = {Vazquez, Elena},
    pages = {4--5},
    url = {https://issuu.com/elenavazquezpena/docs/vazquez_5_single_}
}

@incollection{Timings2008SheetMetalwork,
    title = {{Sheet and plate metalwork}},
    year = {2008},
    booktitle = {Fabrication and Welding Engineering},
    author = {Timings, Roger},
    chapter = {7},
    publisher = {Newnes}
}

@book{Barr2019SheetProjects,
    title = {{Sheet Metal Shaping: Tools, Skills, and Projects}},
    year = {2019},
    author = {Barr, Ed},
    publisher = {Motorbooks}
}

@book{Wakeford1985SheetWork,
    title = {{Sheet Metal Work}},
    year = {1985},
    author = {Wakeford, R E},
    publisher = {Argus Books}
}

@article{Hoffmann2005StudiesMetal,
    title = {{Studies for the Development of a Simulation Basis for Numerically Controlled Driving of Sheet Metal}},
    year = {2005},
    journal = {Advanced Materials Research},
    author = {Hoffmann, Hartmut and Hautmann, R. and Petry, R.},
    month = {5},
    pages = {517--524},
    volume = {6-8},
    publisher = {Trans Tech Publications, Ltd.},
    url = {https://www.scientific.net/AMR.6-8.517},
    doi = {10.4028/www.scientific.net/amr.6-8.517},
    keywords = {Forming, Sheet Metal, Simulation}
}

@article{Allwood2005TheMachine,
    title = {{The Design of an Incremental Sheet Forming Machine}},
    year = {2005},
    journal = {Advanced Materials Research},
    author = {Allwood, J.M. and Houghton, N.E. and Jackson, K.P.},
    month = {5},
    pages = {471--478},
    volume = {6-8},
    publisher = {Trans Tech Publications},
    url = {https://www.scientific.net/AMR.6-8.471},
    doi = {10.4028/www.scientific.net/amr.6-8.471},
    keywords = {Forming, Incremental, Sheet}
}

@article{Cooper2017TheProcesses,
    title = {{The energy requirements and environmental impacts of sheet metal forming: An analysis of five forming processes}},
    year = {2017},
    journal = {Journal of Materials Processing Technology},
    author = {Cooper, Daniel R. and Rossie, Kathleen E. and Gutowski, Timothy G.},
    month = {6},
    pages = {116--135},
    volume = {244},
    publisher = {Elsevier Ltd},
    doi = {10.1016/j.jmatprotec.2017.01.010},
    issn = {09240136},
    keywords = {Drawing, Energy efficiency, Environmental impacts, Flexforming, Fluid cell forming, Hydroforming, Incremental sheet forming, Material efficiency, Metal forming, Stamping, Stretch forming, Superplastic forming}
}

@incollection{Mourtzis2014TheCustomisation,
    title = {{The Evolution of Manufacturing Systems: From craftsmanship to the era of customisation}},
    year = {2014},
    booktitle = {Handbook of Research on Design and Management of Lean Production Systems},
    author = {Mourtzis, Dimitris and Doukas, Michael},
    chapter = {1},
    publisher = {IGI Global},
    doi = {10.4018/978-1-4666-5039-8.ch001}
}

@book{Koren2010TheRevolution,
    title = {{The Global Manufacturing Revolution}},
    year = {2010},
    author = {Koren, Yoram},
    month = {5},
    publisher = {John Wiley {\&} Sons, Inc.},
    address = {Hoboken, NJ, USA},
    isbn = {9780470618813},
    doi = {10.1002/9780470618813}
}

@book{Pye2008TheWorkmanship,
    title = {{The Nature and Art of Workmanship}},
    year = {2008},
    author = {Pye, David},
    publisher = {Herbert Press}
}

@book{Livesey2019TheBodies,
    title = {{The repair of vehicle bodies}},
    year = {2019},
    author = {Livesey, Andrew and Robinson, Alan},
    edition = {7},
    publisher = {Routledge}
}

@book{Ford2016TheUnemployment,
    title = {{The Rise of the Robots: Technology and the Threat of Mass Unemployment}},
    year = {2016},
    author = {Ford, Martin},
    publisher = {Oneworld Publications}
}

@article{Emmens2010TheHistory,
    title = {{The technology of Incremental Sheet Forming - A brief review of the history}},
    year = {2010},
    journal = {Journal of Materials Processing Tech.},
    author = {Emmens, W C and Sebastiani, G and Van Den Boogaard, A H},
    pages = {981--997},
    volume = {210},
    doi = {10.1016/j.jmatprotec.2010.02.014},
    keywords = {AISF, History, Incremental Sheet Forming, Patents, SPIF, TPIF}
}

@article{Emmens2010TheHistoryb,
    title = {{The technology of Incremental Sheet Forming - A brief review of the history}},
    year = {2010},
    journal = {Journal of Materials Processing Tech.},
    author = {Emmens, W C and Sebastiani, G and Van Den Boogaard, A H},
    pages = {981--997},
    volume = {210},
    doi = {10.1016/j.jmatprotec.2010.02.014},
    keywords = {AISF, History, Incremental Sheet Forming, Patents, SPIF, TPIF}
}

@article{Music2012TheTools,
    title = {{The use of spatial impulse responses to characterise flexible forming processes with mobile tools}},
    year = {2012},
    journal = {Journal of Materials Processing Technology},
    author = {Music, Omer and Allwood, Julian M},
    pages = {1139--1156},
    volume = {212},
    doi = {10.1016/j.jmatprotec.2011.12.018},
    keywords = {Characterisation, Flexible forming, Impulse response}
}

@article{Zhu2019ToolForming,
    title = {{Tool path generation for the point-pressing-based 5-axis CNC incremental forming}},
    year = {2019},
    journal = {International Journal of Advanced Manufacturing Technology},
    author = {Zhu, Hu and Wang, Hongyu and Liu, Yibo},
    number = {9-12},
    month = {8},
    pages = {3459--3477},
    volume = {103},
    publisher = {Springer London},
    url = {https://doi.org/10.1007/s00170-019-03756-5},
    doi = {10.1007/s00170-019-03756-5},
    issn = {14333015},
    keywords = {5-axis CNC incremental forming, Forming tool path, Point - pressing, Sheet forming}
}

@article{Endsley1995TowardSystems,
    title = {{Toward a Theory of Situation Awareness in Dynamic Systems}},
    year = {1995},
    journal = {Human Factors: The Journal of the Human Factors and Ergonomics Society},
    author = {Endsley, Mica R.},
    number = {1},
    month = {3},
    volume = {37},
    doi = {10.1518/001872095779049543},
    issn = {0018-7208}
}

@misc{Zhou2018TowardManufacturing,
    title = {{Toward New-Generation Intelligent Manufacturing}},
    year = {2018},
    booktitle = {Engineering},
    author = {Zhou, Ji and Li, Peigen and Zhou, Yanhong and Wang, Baicun and Zang, Jiyuan and Meng, Liu},
    number = {1},
    month = {2},
    pages = {11--20},
    volume = {4},
    publisher = {Elsevier Ltd},
    doi = {10.1016/j.eng.2018.01.002},
    issn = {20958099},
    keywords = {Advanced manufacturing, Basic paradigms, Human-cyber-physical system, Integrated development, New-generation AI, New-generation intelligent manufacturing, Parallel promotion}
}

@book{Holtzappfel1852TurningManipulation,
    title = {{Turning and Mechanical Manipulation}},
    year = {1852},
    author = {Holtzappfel, Charles}
}

@article{Opritescu2016VariationVariance,
    title = {{Variation of components by automated driving: A knowledge-based approach for geometric variance}},
    year = {2016},
    journal = {International Journal of Material Forming},
    author = {Opritescu, Daniel and Volk, Wolfram},
    number = {1},
    month = {1},
    pages = {9--19},
    volume = {9},
    publisher = {Springer-Verlag France},
    url = {https://link.springer.com/article/10.1007/s12289-014-1195-6},
    doi = {10.1007/s12289-014-1195-6},
    issn = {19606214},
    keywords = {Flexible manufacturing system (FMS), Incremental sheet forming, Knowledge-based system, Tool path}
}

@misc{Homayounfar2020WearableChallenges,
    title = {{Wearable Sensors for Monitoring Human Motion: A Review on Mechanisms, Materials, and Challenges}},
    year = {2020},
    booktitle = {SLAS Technology},
    author = {Homayounfar, S. Zohreh and Andrew, Trisha L.},
    number = {1},
    month = {2},
    pages = {9--24},
    volume = {25},
    publisher = {SAGE Publications Inc.},
    url = {https://pubmed.ncbi.nlm.nih.gov/31829083/},
    doi = {10.1177/2472630319891128},
    issn = {24726311},
    pmid = {31829083},
    keywords = {clinical automation, data analysis, engineering, fabrication, informatics and software, microtechnology, point of care testing (POCT), robotics and instrumentation}
}